@book{sabella-mec-sw-dev,
  title={Multi-access edge computing: Software development at the network edge},
  author={Sabella, Dario},
  year={2021},
  publisher={Springer}
}

@book{dahlman-2020-5g,
  title={5G NR: The next generation wireless access technology},
  author={Dahlman, Erik and Parkvall, Stefan and Skold, Johan},
  year={2020},
  publisher={Academic Press}
}

@book{dahlman-2013-4g,
  title={4G: LTE/LTE-advanced for mobile broadband},
  author={Dahlman, Erik and Parkvall, Stefan and Skold, Johan},
  year={2013},
  publisher={Academic press}
}

@book{sauter2017history,
  title={From GSM to LTE-Advanced Pro and 5G: An Introduction to Mobile Networks and Mobile Broadband},
  author={Martin Sauter},
  year={2017},
  publisher={John Wiley \& Sons, Incorporated}
}

@book{rommer20195g,
  title={5G Core Networks: Powering Digitalization},
  author={Rommer, Stefan and Hedman, Peter and Olsson, Magnus and Frid, Lars and Sultana, Shabnam and Mulligan, Catherine},
  year={2019},
  publisher={Academic Press}
}

@misc{etsi-web, 
  title={Multi-access edge computing (MEC)},
  url={https://www.etsi.org/technologies/multi-access-edge-computing},
  journal={ETSI},
  author={Dahmen-Lhuissier, Sabine}}

@article{zhao2019towards,
  title={Towards safety-aware computing system design in autonomous vehicles},
  author={Zhao, Hengyu and Zhang, Yubo and Meng, Pingfan and Shi, Hui and Li, Li Erran and Lou, Tiancheng and Zhao, Jishen},
  journal={arXiv preprint arXiv:1905.08453},
  year={2019}
}

@article{mell2011nistCC,
  title={The NIST definition of cloud computing.(Sept. 2011)},
  author={Mell, Peter and Grance, Timothy and others},
  journal={URL: https://nvlpubs.nist.gov/nistpubs/Legacy/SP/nistspecialpublication800-145.pdf},
  year={2011}
}

@misc{ETSI:GS:MEC003,
  title = {{ETSI GS MEC 003 V3.1.1, ``Mobile Edge Computing (MEC); Framework and Reference Architecture''}},
  howpublished = {ETSI},
  year = {2022},
  url={https://www.etsi.org/deliver/etsi_gs/MEC/001_099/003/03.01.01_60/gs_MEC003v030101p.pdf},
}

@article{ETSI:wp28,
  title={MEC in 5G networks},
  author={Kekki, Sami and Featherstone, Walter and Fang, Yonggang and Kuure, Pekka and Li, Alice and Ranjan, Anurag and Purkayastha, Debashish and Jiangping, Feng and Frydman, Danny and Verin, Gianluca and others},
  journal={ETSI white paper},
  volume={28},
  number={2018},
  pages={1--28},
  year={2018}
}


@article{ETSI:wp24,
  title={MEC deployments in 4G and evolution towards 5G},
  author={Giust, Fabio and Verin, Gianluca and Antevski, Kiril and Chou, Joey and Fang, Yonggang and Featherstone, Walter and Fontes, Francisco and Frydman, Danny and Li, Alice and Manzalini, Antonio and others},
  journal={ETSI White paper},
  volume={24},
  number={2018},
  pages={1--24},
  year={2018}
}

@article{yousaf2017nfv,
  title={NFV and SDNâ€”Key technology enablers for 5G networks},
  author={Yousaf, Faqir Zarrar and Bredel, Michael and Schaller, Sibylle and Schneider, Fabian},
  journal={IEEE Journal on Selected Areas in Communications},
  volume={35},
  number={11},
  pages={2468--2478},
  year={2017},
  publisher={IEEE}
}

@misc{ETSI:TS:5G,
  title = {{ETSI TS 123 501 V15.2.0, ``5G; System Architecture for the 5G System''}},
  howpublished = {ETSI},
  year = {2018}, 
  url={https://www.etsi.org/deliver/etsi_ts/123500_123599/123501/15.02.00_60/ts_123501v150200p.pdf},
}

@article{ETSI:wp36,
  title={Harmonizing standards for edge computing-A synergized architecture leveraging ETSI ISG MEC and 3GPP specifications},
  author={Sprecher, N and others},
  journal={ETSI White paper},
  number={36},
  year={2020}
}

@misc{ETSI:GS:app-ena,
  title = {{ETSI GS MEC 011 V3.1.1, ``5G; System Architecture for the 5G System''}},
  howpublished = {ETSI},
  year = {2022}, 
  url={https://www.etsi.org/deliver/etsi_gs/MEC/001_099/011/03.01.01_60/gs_mec011v030101p.pdf},
}

@article{ETSI:wp20,
  title={Developing software for multi-access edge computing},
  author={Sabella, Dario and Sukhomlinov, Vadim and Trang, Linh and Kekki, Sami and Paglierani, Pietro and Rossbach, Ralf and Li, Xinhui and Fang, Yonggang and Druta, Dan and Giust, Fabio and others},
  journal={ETSI white paper},
  volume={20},
  pages={1--38},
  year={2019}
}

@inproceedings{nikaein2018llmec,
  title={LL-MEC: Enabling low latency edge applications},
  author={Nikaein, Navid and Vasilakos, Xenofon and Huang, Anta},
  booktitle={2018 IEEE 7th International Conference on Cloud Networking (CloudNet)},
  pages={1--7},
  year={2018},
  organization={IEEE}
}

@article{kaltenberger-oai,
title = {OpenAirInterface: Democratizing innovation in the 5G Era},
journal = {Computer Networks},
volume = {176},
pages = {107284},
year = {2020},
issn = {1389-1286},
doi = {https://doi.org/10.1016/j.comnet.2020.107284},
url = {https://www.sciencedirect.com/science/article/pii/S1389128619314410},
author = {Florian Kaltenberger and Aloizio P. Silva and Abhimanyu Gosain and Luhan Wang and Tien-Thinh Nguyen}
}

@misc{ETSI:TS:udr,
  title = {{ETSI TS 129 504 V17.10.0, ``5G; 5G System; Unified Data Repository Services''}},
  howpublished = {ETSI},
  year = {2018}, 
  url={https://www.etsi.org/deliver/etsi_ts/129500_129599/129504/17.10.00_60/ts_129504v171000p.pdf},
}

@misc{oai_doc,
  author = {Robert Schmidt},
  title = {OpenAirInterface Documentation},
  year = {2023},
  url = {https://gitlab.eurecom.fr/oai/openairinterface5g/-/tree/develop/doc},
  publisher = {GitLab}
}

@misc{lf-edge-web,
  title = {Projects - LF Edge},
  howpublished = {Online},
  organization = {The Linux Foundation},
  url = {https://www.lfedge.org/projects/},
  urldate = {2023-04-15}
}

@misc{cvb-docu,
  title = {Connected Vehicles Blueprint},
  author = {Xin, Qiu and Tao, Wang},
  howpublished = {Online},
  organization = {Akraino},
  url = {https://wiki.akraino.org/pages/viewpage.action?pageId=9601601},
  urldate = {2023-03-12}
}

@misc{ealtedge-docu,
  title = {R6 - Architecture Documentation of Enterprise Applications on Lightweight 5G Telco Edge},
  author = {Verma, Sachin and Kumar, Khemendra},
  howpublished = {Online},
  organization = {Akraino},
  url = {https://wiki.akraino.org/display/AK/R6+-+Architecture+Documentation+of+Enterprise+Applications+on+Lightweight+5G+Telco+Edge},
  urldate = {2023-04-15}
}

@misc{oai-ran-web,
  title = {OpenAirInterface 5G Radio Access Network Project},
  howpublished = {Online},
  organization = {OpenAirInterface.org},
  url = {https://openairinterface.org/oai-5g-ran-project/},
  urldate = {2023-04-20}
}
@misc{oai-cn-web,
  title = {OpenAirInterface 5G Core Network Project},
  howpublished = {Online},
  organization = {OpenAirInterface.org},
  url = {https://openairinterface.org/oai-5g-core-network-project/},
  urldate = {2023-04-20}
}
@misc{oai-mosaic5g-web,
  title = {OpenAirInterface Mosaic5G Project Group},
  howpublished = {Online},
  organization = {OpenAirInterface.org},
  url = {https://openairinterface.org/mosaic5g/},
  urldate = {2023-04-20}
}

@misc{oai-rnis-git,
  author = {Sagar Arora},
  title = {OpenAirInterface RNIS Documentation},
  year = {2023},
  url={https://gitlab.eurecom.fr/oai/orchestration/oai-mec/oai-rnis},
  publisher = {GitLab}
}

@misc{oai-mep-git,
  author = {Sagar Arora},
  title = {OpenAirInterface MEP Documentation},
  url={https://gitlab.eurecom.fr/oai/orchestration/oai-mec/oai-mep},
  year = {2023},
  publisher = {GitLab}
}

@misc{oai-cm-git,
  author = {Sagar Arora},
  title = {OpenAirInterface Configuration Manager Documentation},
  url={https://gitlab.eurecom.fr/oai/orchestration/oai-cm},
  year = {2023},
  publisher = {GitLab}
}

@misc{oai-blueprint-git,
  author = {Sagar Arora},
  title = {OpenAirInterface MEP blueprint Documentation},
  url={https://gitlab.eurecom.fr/oai/orchestration/blueprints/-/tree/master/mep},
  year = {2023},
  publisher = {GitLab}
}

@misc{openness-git,
  title = {Smart Edge Open Architecture and Solution Overview},
  url={https://github.com/smart-edge-open/specs/blob/master/doc/architecture.md},
  year = {2021},
  publisher = {GitHub}
}

@misc{seo-doc,
  title = {Intel Smart Edge Open Developer Experience Kit},
  url={https://intelsmartedge.github.io/docs/experience-kits/developer-experience-kit-default-install/#overview},
  publisher = {Intel}
}
@misc{seo-overview,
  title = {Intel Smart Edge Open},
  url={https://www.intel.com/content/www/us/en/developer/tools/smart-edge-open/overview.html},
  publisher = {Intel}
}
@misc{akraino-mec-slice-docu,
  title = {5G MEC/Slice System to Support Cloud Gaming, HD Video and Live Broadcasting Blueprint},
  author = {Buyuan, Lin and Bruce, Lin},
  howpublished = {Online},
  organization = {Akraino},
  url = {https://wiki.akraino.org/display/AK/R6+-+Architecture+Documentation+of+Enterprise+Applications+on+Lightweight+5G+Telco+Edge},
  urldate = {2023-04-25}
}

@misc{mec-etsi-web,
  title = {MEC ecosystem},
  howpublished = {Online},
  organization = {ETSI},
  url = {https://mecwiki.etsi.org/index.php?title=MEC_Ecosystem},
  urldate = {2023-05-15}
}
